%---------------------------------------------------------------------------%
%-                                                                         -%
%-                             Bibliography                                -%
%-                                                                         -%
%---------------------------------------------------------------------------%

@misc{noauthor__nodate,
	title = {为何中国超算偏爱异构计算},
	url = {https://zhuanlan.zhihu.com/p/20908218},
	abstract = {目前，中国的天河2号、天河1号、曙光6000都是异构超算，而天河2A和下一代曙光7000超算和神威超算也是异构超算，同构的超算只有神威蓝光。全世界范围来看，美国的2台新超算将于2017—2018年被安装在劳伦斯利物莫国…},
	language = {zh},
	urldate = {2019-07-09},
	journal = {知乎专栏},
	file = {Snapshot:E\:\\Documents\\Zotero\\storage\\HJQUNXXG\\20908218.html:text/html}
}

@misc{darknet13,
  author =   {Joseph Redmon},
  title =    {Darknet: Open Source Neural Networks in C},
  howpublished = {\url{http://pjreddie.com/darknet/}},
  year = {2013--2016}
}

@article{yolov3,
  title={YOLOv3: An Incremental Improvement},
  author={Redmon, Joseph and Farhadi, Ali},
  journal = {arXiv},
  year={2018}
}

@misc{darknet_note,
	title = {Darknet概述 - 搬砖笔记 - {CSDN博客}},
	url = {https://blog.csdn.net/u010122972/article/details/83541978},
	urldate = {2019-07-14},
	file = {Darknet概述 - 搬砖笔记 - CSDN博客:E\:\\Documents\\Zotero\\storage\\MVT4T9GD\\83541978.html:text/html}
}